@book{knuth1984texbook,
  author    = {Donald E. Knuth},
  title     = {The TeXbook},
  year      = {1984},
  publisher = {Addison-Wesley},
  address   = {Reading, MA},
  edition   = {5}
}

@article{einstein1905,
  author  = {Albert Einstein},
  title   = {Zur Elektrodynamik bewegter KÃ¶rper},
  journal = {Annalen der Physik},
  year    = {1905},
  volume  = {322},
  number  = {10},
  pages   = {891--921}
}

@inproceedings{lamport1986document,
  author    = {Leslie Lamport},
  title     = {Document Preparation System},
  booktitle = {Proceedings of the 1986 Annual Meeting},
  year      = {1986},
  pages     = {145--157},
  address   = {New York, NY},
  publisher = {ACM}
}

@misc{rfc2616,
  author       = {Fielding, Roy T. and Gettys, Jim and Mogul, Jeff and Frystyk, Henrik and Masinter, Larry and Leach, Paul and Berners-Lee, Tim},
  title        = {Hypertext Transfer Protocol -- HTTP/1.1},
  howpublished = {RFC 2616},
  year         = {1999},
  month        = {June},
  note         = {Status: Informational}
}

@inbook{knuth1997art,
  author    = {Donald E. Knuth},
  title     = {The Art of Computer Programming},
  year      = {1997},
  volume    = {1},
  pages     = {10--119},
  publisher = {Addison-Wesley},
  edition   = {3},
  chapter   = {1},
  series    = {Art of Computer Programming},
  address   = {Reading, MA}
}

@phdthesis{hopcroft1971thesis,
  author = {John E. Hopcroft},
  title  = {Turing Machines},
  year   = {1971},
  school = {Stanford University},
  address= {Stanford, CA}
}

@techreport{lamport1994latex,
  author      = {Leslie Lamport},
  title       = {LaTeX: A Document Preparation System},
  year        = {1994},
  institution = {SRI International},
  address     = {Menlo Park, CA},
  number      = {CSL-94-23}
}

@mastersthesis{turing1936thesis,
  author = {Alan M. Turing},
  title  = {On Computable Numbers, with an Application to the Entscheidungsproblem},
  year   = {1936},
  school = {Princeton University},
  address= {Princeton, NJ}
}

@online{latexproject,
  author = {The LaTeX3 Project},
  title  = {The \LaTeX\ Project Website},
  year   = {2024},
  url    = {https://www.latex-project.org/}
}

@book{golden2019book,
  author    = {Daniel Golden},
  title     = {The Price of Admission: How America's Ruling Class Buys Its Way into Elite Colleges--and Who Gets Left Outside the Gates},
  year      = {2019},
  publisher = {Three Rivers Press},
  address   = {New York, NY},
  edition   = {2}
}

@book{headFirstSoftwareArchitecture,
  author    = {Raju Gandhi and Mark Richards and Neal Ford},
  title     = {Head First Software Architecture},
  month     = {4},
  year      = {2024},
  publisher = {O'Reilly Media, Inc.},
  edition   = {1},
  address   = {Sebastopol, CA}
}